[gd_scene load_steps=13 format=2]

[ext_resource path="res://Sprites/Levels/bg.png" type="Texture" id=1]
[ext_resource path="res://Sprites/Levels/tiles_spritesheet.png" type="Texture" id=2]
[ext_resource path="res://Objects/Flag.tscn" type="PackedScene" id=3]
[ext_resource path="res://Objects/Player.tscn" type="PackedScene" id=4]
[ext_resource path="res://Objects/Coin.tscn" type="PackedScene" id=5]
[ext_resource path="res://Objects/DeathArea.tscn" type="PackedScene" id=6]
[ext_resource path="res://Objects/UI.tscn" type="PackedScene" id=7]

[sub_resource type="ConvexPolygonShape2D" id=1]
points = PoolVector2Array( 0, 0, 70, 0, 70, 70, 0, 70 )

[sub_resource type="ConvexPolygonShape2D" id=2]
points = PoolVector2Array( 0, 0, 70, 0, 70, 70, 0, 70 )

[sub_resource type="ConvexPolygonShape2D" id=3]
points = PoolVector2Array( 0, 0, 70, 0, 70, 70, 0, 70 )

[sub_resource type="ConvexPolygonShape2D" id=4]
points = PoolVector2Array( 0, 0, 72, 0, 72, 72, 0, 72 )

[sub_resource type="TileSet" id=5]
1/name = "tiles_spritesheet.png 1"
1/texture = ExtResource( 2 )
1/tex_offset = Vector2( 0, 0 )
1/modulate = Color( 1, 1, 1, 1 )
1/region = Rect2( 504, 504, 70, 70 )
1/tile_mode = 0
1/occluder_offset = Vector2( 0, 0 )
1/navigation_offset = Vector2( 0, 0 )
1/shapes = [ {
"autotile_coord": Vector2( 0, 0 ),
"one_way": false,
"one_way_margin": 1.0,
"shape": SubResource( 1 ),
"shape_transform": Transform2D( 1, 0, 0, 1, 0, 0 )
} ]
1/z_index = 0
2/name = "tiles_spritesheet.png 2"
2/texture = ExtResource( 2 )
2/tex_offset = Vector2( 0, 0 )
2/modulate = Color( 1, 1, 1, 1 )
2/region = Rect2( 504, 576, 70, 70 )
2/tile_mode = 0
2/occluder_offset = Vector2( 0, 0 )
2/navigation_offset = Vector2( 0, 0 )
2/shapes = [ {
"autotile_coord": Vector2( 0, 0 ),
"one_way": false,
"one_way_margin": 1.0,
"shape": SubResource( 2 ),
"shape_transform": Transform2D( 1, 0, 0, 1, 0, 0 )
} ]
2/z_index = 0
3/name = "tiles_spritesheet.png 3"
3/texture = ExtResource( 2 )
3/tex_offset = Vector2( 0, 0 )
3/modulate = Color( 1, 1, 1, 1 )
3/region = Rect2( 504, 648, 70, 70 )
3/tile_mode = 0
3/occluder_offset = Vector2( 0, 0 )
3/navigation_offset = Vector2( 0, 0 )
3/shapes = [ {
"autotile_coord": Vector2( 0, 0 ),
"one_way": false,
"one_way_margin": 1.0,
"shape": SubResource( 3 ),
"shape_transform": Transform2D( 1, 0, 0, 1, 0, 0 )
} ]
3/z_index = 0
4/name = "tiles_spritesheet.png 4"
4/texture = ExtResource( 2 )
4/tex_offset = Vector2( 0, 0 )
4/modulate = Color( 1, 1, 1, 1 )
4/region = Rect2( 648, 0, 72, 72 )
4/tile_mode = 0
4/occluder_offset = Vector2( 0, 0 )
4/navigation_offset = Vector2( 0, 0 )
4/shapes = [ {
"autotile_coord": Vector2( 0, 0 ),
"one_way": false,
"one_way_margin": 1.0,
"shape": SubResource( 4 ),
"shape_transform": Transform2D( 1, 0, 0, 1, 0, 0 )
} ]
4/z_index = 0

[node name="Fase1" type="Node2D"]

[node name="BG" type="Sprite" parent="."]
position = Vector2( -1638.05, -681.354 )
scale = Vector2( 29.4193, 7.96683 )
texture = ExtResource( 1 )
centered = false

[node name="TileMap" type="TileMap" parent="."]
tile_set = SubResource( 5 )
cell_size = Vector2( 69, 69 )
format = 1
tile_data = PoolIntArray( 262154, 3, 0, 262155, 2, 0, 262156, 2, 0, 262157, 1, 0, 327689, 4, 0, 393224, 4, 0, 524287, 3, 0, 458752, 2, 0, 458753, 2, 0, 458754, 2, 0, 458755, 2, 0, 458756, 2, 0, 458757, 2, 0, 458758, 2, 0, 458759, 1, 0, 524320, 3, 0, 524321, 1, 0, 524326, 3, 0, 524327, 1, 0, 524332, 3, 0, 524333, 1, 0, 524339, 3, 0, 524340, 2, 0, 524341, 1, 0, 589848, 3, 0, 589849, 2, 0, 589850, 2, 0, 589851, 2, 0, 589852, 2, 0, 589853, 2, 0, 589854, 2, 0, 589855, 1, 0 )

[node name="Flag" parent="." instance=ExtResource( 3 )]
position = Vector2( 3702.66, 509.054 )
nextScene = "res://Scenes/Fases/Fase2.tscn"

[node name="Player2" parent="." instance=ExtResource( 4 )]
position = Vector2( -34.7577, 433.944 )

[node name="Camera2D" type="Camera2D" parent="Player2"]
position = Vector2( -138.938, -59.248 )
current = true
zoom = Vector2( 2, 2 )
drag_margin_h_enabled = false
drag_margin_v_enabled = false

[node name="Coins" type="Node2D" parent="."]

[node name="Coin" parent="Coins" instance=ExtResource( 5 )]
position = Vector2( 523.25, 377.862 )

[node name="Coin2" parent="Coins" instance=ExtResource( 5 )]
position = Vector2( 1416.18, 127.934 )

[node name="Coin3" parent="Coins" instance=ExtResource( 5 )]
position = Vector2( 2499.68, 427.439 )

[node name="Coin4" parent="Coins" instance=ExtResource( 5 )]
position = Vector2( 2901.96, 424.503 )

[node name="Coin5" parent="Coins" instance=ExtResource( 5 )]
position = Vector2( 3354.15, 427.439 )

[node name="DeathArea" parent="." instance=ExtResource( 6 )]
position = Vector2( 2000, 710 )
scale = Vector2( 300, 1 )

[node name="CanvasLayer" parent="." instance=ExtResource( 7 )]
[connection signal="coin_collected" from="Player2" to="CanvasLayer" method="_on_Player2_coin_collected"]
[connection signal="on_death" from="Player2" to="CanvasLayer" method="_on_Player2_on_death"]
[connection signal="coin_collected" from="Coins/Coin" to="Player2" method="_on_Coin_coin_collected"]
[connection signal="coin_collected" from="Coins/Coin2" to="Player2" method="_on_Coin_coin_collected"]
[connection signal="coin_collected" from="Coins/Coin3" to="Player2" method="_on_Coin_coin_collected"]
[connection signal="coin_collected" from="Coins/Coin4" to="Player2" method="_on_Coin_coin_collected"]
[connection signal="coin_collected" from="Coins/Coin5" to="Player2" method="_on_Coin_coin_collected"]
[connection signal="player_entered" from="DeathArea" to="Player2" method="_on_DeathArea_player_entered"]
