[gd_scene load_steps=8 format=2]

[ext_resource path="res://Sprites/Levels/bg.png" type="Texture" id=1]
[ext_resource path="res://Objects/TileMap.tscn" type="PackedScene" id=2]
[ext_resource path="res://Objects/Flag.tscn" type="PackedScene" id=3]
[ext_resource path="res://Objects/Player.tscn" type="PackedScene" id=4]
[ext_resource path="res://Objects/Coin.tscn" type="PackedScene" id=5]
[ext_resource path="res://Objects/DeathArea.tscn" type="PackedScene" id=6]
[ext_resource path="res://Objects/UI.tscn" type="PackedScene" id=7]

[node name="Fase3" type="Node2D"]

[node name="BG" type="Sprite" parent="."]
position = Vector2( -3155.63, -831.945 )
scale = Vector2( 42.2911, 8.77372 )
texture = ExtResource( 1 )
centered = false

[node name="TileMap" parent="." instance=ExtResource( 2 )]
tile_data = PoolIntArray( 262190, 4, 0, 262204, 3, 0, 262205, 2, 0, 262206, 2, 0, 262207, 2, 0, 262208, 1, 0, 327725, 4, 0, 327732, 3, 0, 327733, 1, 0, 393260, 4, 0, 458752, 3, 0, 458753, 2, 0, 458754, 2, 0, 458755, 2, 0, 458756, 2, 0, 458757, 2, 0, 458758, 2, 0, 458759, 2, 0, 458760, 2, 0, 458761, 2, 0, 458762, 2, 0, 458763, 2, 0, 458764, 2, 0, 458765, 2, 0, 458766, 2, 0, 458767, 2, 0, 458768, 2, 0, 458769, 1, 0, 458774, 3, 0, 458775, 2, 0, 458776, 2, 0, 458777, 1, 0, 458780, 4, 0, 458783, 4, 0, 458786, 3, 0, 458787, 2, 0, 458788, 2, 0, 458789, 1, 0, 458795, 4, 0 )

[node name="Flag" parent="." instance=ExtResource( 3 )]
position = Vector2( 4462.9, 231.816 )
nextScene = "res://Scenes/Conclusao.tscn"

[node name="Player2" parent="." instance=ExtResource( 4 )]
position = Vector2( 32.69, 428.671 )
maxJumps = 5

[node name="Camera2D" type="Camera2D" parent="Player2"]
position = Vector2( -138.938, -59.248 )
current = true
zoom = Vector2( 2, 2 )
drag_margin_h_enabled = false
drag_margin_v_enabled = false

[node name="Coins" type="Node2D" parent="."]

[node name="Coin" parent="Coins" instance=ExtResource( 5 )]
position = Vector2( 888.845, 439.424 )

[node name="Coin2" parent="Coins" instance=ExtResource( 5 )]
position = Vector2( 2089.32, 259.172 )

[node name="Coin3" parent="Coins" instance=ExtResource( 5 )]
position = Vector2( 3434, 114.971 )

[node name="Coin4" parent="Coins" instance=ExtResource( 5 )]
position = Vector2( 3942.31, 187.072 )

[node name="DeathArea" parent="." instance=ExtResource( 6 )]
position = Vector2( 2652.72, 606.276 )
scale = Vector2( 400, 1 )

[node name="CanvasLayer" parent="." instance=ExtResource( 7 )]
[connection signal="coin_collected" from="Player2" to="CanvasLayer" method="_on_Player2_coin_collected"]
[connection signal="on_death" from="Player2" to="CanvasLayer" method="_on_Player2_on_death"]
[connection signal="coin_collected" from="Coins/Coin" to="Player2" method="_on_Coin_coin_collected"]
[connection signal="coin_collected" from="Coins/Coin2" to="Player2" method="_on_Coin_coin_collected"]
[connection signal="coin_collected" from="Coins/Coin3" to="Player2" method="_on_Coin_coin_collected"]
[connection signal="coin_collected" from="Coins/Coin4" to="Player2" method="_on_Coin_coin_collected"]
[connection signal="player_entered" from="DeathArea" to="Player2" method="_on_DeathArea_player_entered"]
